@article{Ali2014EconomicsOfDigitalCurrencies,
    author = {Ali, Robleh and Barrdear, John and Clews, Roger and Southgate, James},
    journal = {Bank of England Quarterly Bulletin},
    number = {3},
    pages = {276--286},
    title = {{The economics of digital currencies}},
    url = {https://ssrn.com/abstract=2499418},
    volume = {54},
    year = {2014}
}
@misc{BitcoinWiki_ControlledSupply,
    author = {Bitcoin.it},
    booktitle = {bitcoin.it},
    title = {{Controlled supply - Bitcoin Wiki}},
    url = {https://en.bitcoin.it/wiki/Controlled{\_}supply?oldid=66483},
    urldate = {2019-08-07},
    year = {2019}
}
